@article{leedukgu2014,
	title={고해상도 전자광학카메라 초점조절장치 개발},
	author={이덕규 and 육영춘 and 연정흠 and 장수영 and 이응식},
	journal={한국항공우주학회 학술발표회 초록집},
	pages={553--555},
	year={2014}
}
@article{yunjonghwan2011lcd,
	title={LCD 패널 불량 검출을 위한 오토포커싱 알고리즘 개발},
	author={윤종환 and 이대종 and 이상원 and 전명근},
	journal={한국지능시스템학회 학술발표 논문집},
	volume={21},
	number={1},
	pages={17--18},
	year={2011}
}
@article{parksukhui2009Median,
	title={미디언 필터를 적용한 모바일 폰용 자동초점조절 알고리즘에 관한 연구},
	author={박석휘 and 김영철},
	journal={한국멀티미디어학회 학술발표논문집},
	pages={20--23},
	year={2009}
}
@article{leeseonghee1998Median,
	title={미디언 필터의 차이를 이용한 비디오 카메라의 자동초점조절 알고리즘 (Autofocusing Algorithm for Video Camera using the Difference of Medians)},
	author={이성희 and 김주현 and 최병태 and 고성제},
	journal={한국통신학회논문지},
	volume={23},
	number={1},
	pages={41--51},
	year={1998}
}
